@book{Ernst1987,
    author = {Ernst, Richard R. and Bodenhausen, Geoffrey and Wokaun, Alexander},
    title = {Principles of Nuclear Magnetic Resonance in One and Two Dimensions},
    year = {1987},
    publisher = {Clarendon Press},
    isbn = {9780198556299},
    address = {Oxford, U.K.},
}
@book{Cavanagh2007,
    author = {Cavanagh, John and Fairbrother, Wayne J. and Palmer, III, Arthur G. and Rance, Mark and Skelton, Nicholas J.},
    title = {Protein {NMR} Spectroscopy: Principles and Practice},
    year = {2007},
    publisher = {Academic Press},
    isbn = {9780121644918},
    edition = {2nd ed.},
    address = {Burlington, Mass.},
}
@book{Levitt2008,
    publisher = {Wiley},
    year = {2008},
    title = {Spin Dynamics: Basics of Nuclear Magnetic Resonance},
    edition = {2nd ed.},
    address = {Chichester, U.K.},
    author = {Levitt, Malcolm H.},
}
@book{Keeler2010,
    publisher = {Wiley},
    year = {2010},
    title = {Understanding {NMR} Spectroscopy},
    edition = {2nd ed.},
    address = {Chichester, U.K.},
    author = {Keeler, James},
}
@book{Findeisen2013,
	author = {Findeisen, Matthias and Berger, Stefan},
	year = {2013},
	isbn = {9783527334834},
    publisher = {Wiley},
	title = {50 and More Essential {NMR} Experiments: A Detailed Guide},
	address = {Weinheim},
}
@book{Hore2015,
    author = {Hore, P. J. and Jones, J. A. and Wimperis, S.},
    title = {{NMR}: The Toolkit, How Pulse Sequences Work},
    year = {2015},
    publisher = {Oxford University Press},
    edition = {2nd ed.},
    isbn = {9780198703426},
    address = {Oxford, U.K.},
}
@book{Claridge2016,
    author = {Claridge, Timothy D. W.},
    title = {High-Resolution {NMR} Techniques in Organic Chemistry},
    year = {2016},
    publisher = {Elsevier},
    isbn = {9780080999937},
    edition = {3rd ed.},
    address = {Amsterdam},
}
@set{textbooks-theory,
    entryset = {Ernst1987,Cavanagh2007,Levitt2008,Keeler2010,Hore2015},
}
@set{textbooks-experiments,
    entryset = {Cavanagh2007,Keeler2010,Findeisen2013,Hore2015,Claridge2016},
}

@book{Blum2012,
    author = {Blum, Karl},
    title = {Density Matrix Theory and Applications},
    year = {2012},
    publisher = {Springer},
    isbn = {9783642430954},
    address = {Heidelberg},
}
@book{CohenTannoudji2020,
    author = {Cohen-Tannoudji, Claude and Diu, Bernard and Lalo\"{e}, Franck},
    title = {Quantum Mechanics},
    year = {2020},
    publisher = {Wiley},
    edition = {2nd ed.},
    address = {Weinheim, Germany},
}
@book{Sakurai2021,
    author = {Sakurai, J. J. and Napolitano, Jim},
    title = {Modern Quantum Mechanics},
    year = {2021},
    publisher = {Cambridge University Press},
    isbn = {9781108473224},
    address = {Cambridge, U.K.},
}
@set{textbooks-qm,
    entryset = {CohenTannoudji2020,Sakurai2021},
}

@article{Jones2011PNMRS,
    doi = {10.1016/j.pnmrs.2010.11.001},
    author = {Jones, Jonathan A.},
    title = {Quantum computing with NMR},
    journaltitle = {Prog.\ Nucl.\ Magn.\ Reson.\ Spectrosc.},
    year = {2011},
    volume = {59},
    number = {2},
    pages = {91--120},
}
@article{Chuang1998PRSLA,
    doi = {10.1098/rspa.1998.0170},
    author = {Chuang, I.\ L. and Gershenfeld, N. and Kubinec, M.\ G. and Leung, D.\ W.},
    title = {Bulk quantum computation with nuclear magnetic resonance: theory and experiment},
    journaltitle = {Proc.\ R.\ Soc.\ Lond.\ A},
    year = {1998},
    volume = {454},
    number = {1969},
    pages = {447--467},
}

@book{Breuer2002,
    author = {Breuer, Heinz-Peter and Petruccione, Francesco},
    title = {The Theory of Open Quantum Systems},
    year = {2002},
    publisher = {Oxford University Press},
    location = {Oxford, U.K.},
    isbn = {9780199213900},
}
@misc{Lidar2019arXiv,
  doi = {10.48550/arxiv.1902.00967},
  url = {https://arxiv.org/abs/1902.00967},
  author = {Lidar, Daniel A.},
  title = {Lecture Notes on the Theory of Open Quantum Systems},
  publisher = {arXiv},
  year = {2019},
  copyright = {arXiv.org perpetual, non-exclusive license}
}

@article{Bloch1946PR,
    doi = {10.1103/physrev.70.460},
    author = {Bloch, F.},
    title = {Nuclear Induction},
    journaltitle = {Phys.\ Rev.},
    year = {1946},
    volume = {70},
    number = {7-8},
    pages = {460--474},
}
@article{Gupta2021JPCL,
    doi = {10.1021/acs.jpclett.1c00945},
    author = {Gupta, Abhishek and Stait-Gardner, Timothy and Price, William S.},
    title = {Is It Time to Forgo the Use of the Terms ``Spin--Lattice'' and ``Spin--Spin'' Relaxation in {NMR} and {MRI}?},
    journaltitle = {J.\ Phys.\ Chem.\ Lett.},
    year = {2021},
    volume = {12},
    number = {27},
    pages = {6305--6312},
}

@article{John1991JMR,
    doi = {10.1016/0022-2364(91)90158-p},
    author = {John, Boban K and Plant, Daniel and Heald, Sarah L and Hurd, Ralph E},
    title = {Efficient detection of C$\alpha$H--HN correlations in proteins using gradient-enhanced \nitrogen{} {HMQC-TOCSY}},
    journaltitle = {J.\ Magn.\ Reson.},
    year = {1991},
    volume = {94},
    number = {3},
    pages = {664--669},
}
@article{Mitschang1995JCP,
    doi = {10.1063/1.468618},
    author = {Mitschang, Lorenz and Ponstingl, Hannes and Grindrod, David and Oschkinat, Hartmut},
    title = {Geometrical representation of coherence transfer selection by pulsed field gradients in high-resolution nuclear magnetic resonance},
    journaltitle = {J.\ Chem.\ Phys.},
    year = {1995},
    volume = {102},
    number = {8},
    pages = {3089--3098},
}
@article{Sorensen1984PNMRS,
    doi = {10.1016/0079-6565(84)80005-9},
    author = {S{\o}rensen, O.\ W. and Eich, G.\ W. and Levitt, M.\ H. and Bodenhausen, G. and Ernst, R.\ R.},
    title = {Product operator formalism for the description of {NMR} pulse experiments},
    journaltitle = {Prog.\ Nucl.\ Magn.\ Reson.\ Spectrosc.},
    year = {1984},
    volume = {16},
    pages = {163--192},
}

@article{Morris1979JACS,
    doi = {10.1021/ja00497a058},
    author = {Morris, Gareth A. and Freeman, Ray},
    title = {Enhancement of nuclear magnetic resonance signals by polarization transfer},
    journaltitle = {J.\ Am.\ Chem.\ Soc.},
    year = {1979},
    volume = {101},
    number = {3},
    pages = {760--762},
}
@article{Morris1980JACS,
    doi = {10.1021/ja00521a097},
    author = {Morris, Gareth A.},
    title = {Sensitivity enhancement in nitrogen-15 {NMR}: polarization transfer using the {INEPT} pulse sequence},
    journaltitle = {J.\ Am.\ Chem.\ Soc.},
    year = {1980},
    volume = {102},
    number = {1},
    pages = {428--429},
}
@article{Pines1972JCP,
    doi = {10.1063/1.1677439},
    author = {Pines, A. and Gibby, M.\ G. and Waugh, J.\ S.},
    title = {Proton-Enhanced Nuclear Induction Spectroscopy. A Method for High Resolution {NMR} of Dilute Spins in Solids},
    journaltitle = {J.\ Chem.\ Phys.},
    year = {1972},
    volume = {56},
    number = {4},
    pages = {1776--1777},
}
@article{Turner1986JMR,
    doi = {10.1016/0022-2364(86)90185-x},
    author = {Turner, Christopher J and Hill, Howard D.\ W},
    title = {Artifacts in quadrature detection},
    journaltitle = {J.\ Magn.\ Reson.},
    year = {1986},
    volume = {66},
    number = {3},
    pages = {410--421},
}

@article{Kupce2017ACIE,
    doi = {10.1002/anie.201705506},
    author = {Kup{\v{c}}e, {\=E}riks and Claridge, Tim D.\ W.},
    title = {{NOAH}: {NMR} Supersequences for Small Molecule Analysis and Structure Elucidation},
    journaltitle = {Angew.\ Chem.\ Int.\ Ed.},
    year = {2017},
    volume = {56},
    number = {39},
    pages = {11779--11783},
}
@article{Kupce2018CC,
    doi = {10.1039/c8cc03296c},
    author = {Kup{\v{c}}e, {\=E}riks and Claridge, Tim D.\ W.},
    title = {Molecular structure from a single {NMR} supersequence},
    journaltitle = {Chem.\ Commun.},
    year = {2018},
    volume = {54},
    number = {52},
    pages = {7139--7142},
}
@article{Claridge2019MRC,
    doi = {10.1002/mrc.4887},
    author = {Claridge, Tim D.\ W. and Mayzel, Maksim and Kup{\v{c}}e, {\=E}riks},
    title = {Triplet {NOAH} supersequences optimised for small molecule structure characterisation},
    journaltitle = {Magn.\ Reson.\ Chem.},
    year = {2019},
    volume = {57},
    number = {11},
    pages = {946--952},
}
@article{Kupce2019JMR,
    doi = {10.1016/j.jmr.2019.106568},
    author = {Kup{\v{c}}e, {\=E}riks and Claridge, Tim D.\ W.},
    title = {New {NOAH} modules for structure elucidation at natural isotopic abundance},
    journaltitle = {J.\ Magn.\ Reson.},
    year = {2019},
    volume = {307},
    pages = {106568},
}
@article{Kupce2021PNMRS,
    doi = {10.1016/j.pnmrs.2021.03.001},
    author = {Kup{\v{c}}e, {\=E}riks and Mote, Kaustubh R. and Webb, Andrew and Madhu, Perunthiruthy K. and Claridge, Tim D.\ W.},
    title = {Multiplexing experiments in {NMR} and multi-nuclear {MRI}},
    journaltitle = {Prog.\ Nucl.\ Magn.\ Reson.\ Spectrosc.},
    year = {2021},
    volume = {124--125},
    pages = {1--56},
}
@article{Kupce2021NRMP,
    doi = {10.1038/s43586-021-00024-3},
    author = {Kup{\v{c}}e, {\=E}riks and Frydman, Lucio and Webb, Andrew G. and Yong, Jonathan R.\ J. and Claridge, Tim D.\ W.},
    title = {Parallel nuclear magnetic resonance spectroscopy},
    journaltitle = {Nat.\ Rev.\ Methods Primers},
    year = {2021},
    volume = {1},
    number = {1},
    pages = {No. 27},
}
@article{Yong2021JMR,
    doi = {10.1016/j.jmr.2021.107027},
    author = {Yong, Jonathan R.\ J. and Hansen, Alexandar L. and Kup{\v{c}}e, {\=E}riks and Claridge, Tim D.\ W.},
    title = {Increasing sensitivity and versatility in {NMR} supersequences with new {HSQC}-based modules},
    journaltitle = {J.\ Magn.\ Reson.},
    year = {2021},
    volume = {329},
    pages = {107027},
}
@article{Kupce2021JACSA,
    doi = {10.1021/jacsau.1c00423},
    author = {Kup{\v{c}}e, {\=E}riks and Yong, Jonathan R.\ J. and Widmalm, G{\"o}ran and Claridge, Tim D.\ W.},
    title = {Parallel NMR Supersequences: Ten Spectra in a Single Measurement},
    journaltitle = {JACS Au},
    year = {2021},
    volume = {1},
    number = {11},
    pages = {1892--1897},
}
@article{Yong2022AC,
    doi = {10.1021/acs.analchem.1c04964},
    author = {Yong, Jonathan R.\ J. and Kup{\v{c}}e, E̅riks and Claridge, Tim D.\ W.},
    title = {Modular Pulse Program Generation for NMR Supersequences},
    journaltitle = {Anal.\ Chem.},
    year = {2022},
    volume = {94},
    number = {4},
    pages = {2271--2278},
}
@set{noah,
    entryset = {Kupce2017ACIE,Kupce2018CC,Claridge2019MRC,Kupce2019JMR,Kupce2021PNMRS,Kupce2021NRMP,Yong2021JMR,Kupce2021JACSA,Yong2022AC}
}

@article{RaoKakita2020RSCA,
    doi = {10.1039/d0ra03417g},
    author = {Rao Kakita, Veera Mohana and Hosur, Ramakrishna V.},
    title = {All-in-one NMR spectroscopy of small organic molecules: complete chemical shift assignment from a single NMR experiment},
    journaltitle = {RSC Adv.},
    year = {2020},
    volume = {10},
    number = {36},
    pages = {21174--21179},
}

@article{Zangger2015PNMRS,
    doi = {10.1016/j.pnmrs.2015.02.002},
    author = {Zangger, Klaus},
    title = {Pure shift NMR},
    journaltitle = {Prog.\ Nucl.\ Magn.\ Reson.\ Spectrosc.},
    year = {2015},
    volume = {86-87},
    pages = {1--20},
}

% abbotsbury.vim: ~/refs/abbot.yaml
